%%%%%%%%%%%%%%%%%%%%%%%%%%%%%%%%%%%%%%%%%%%%%%%%%%%%%%%%%%%%%%%%%%%%%%%%%%%%%%%%%%%%%%%%%%%%%%%%%%%%%%%%%%
%%%%%%%%%%%%%%%%%%%%%%%%%%%%%%%% Proceedings  %%%%%%%%%%%%%%%%%%%%%%%%%%%%%%%%%%%%%%%%%%%%%%%%%%%%%%%%%%%%%
%%%%%%%%%%%%%%%%%%%%%%%%%%%%%%%%%%%%%%%%%%%%%%%%%%%%%%%%%%%%%%%%%%%%%%%%%%%%%%%%%%%%%%%%%%%%%%%%%%%%%%%%%%%


@inproceedings{OSR,
 author       = "Mehdi Sharifzadeh and Mohammad Kolahdouzan, Cyrus Shahabi",
 title        = "The Optimal Sequenced Route Query",
 publisher    = {Computer Science Department, University of Southern California}
}

@inproceedings{betterOSR,
	author       = "Yutaka Ohsawa, Htoo Htoo, Noboru Sonehara and Masao Sakauchi",
	title        = "Sequenced Route Query in Road Network Distance Based on Incremental Euclidean Restriction",
	publisher    = {Graduate School of Science and Engineering, Saitama University, National Institute of Informatics}
}

@inproceedings{mtnn,
	author       = "Xiaobin Ma, Shashi Shekhar, Hui Xiong and Pusheng Zhang",
	title        = "Exploiting a Page-Level Upper Bound for Multi-Type Nearest Neighbor Queries",
	publisher    = {University of Minnesota, Rutgers University, Microsoft Corporation}
}

@inproceedings{dynamicSRQ,
	author       = "Jochen Eisner, Stefan Funke",
	title        = "Sequenced Route Queries: Getting Things Done on the Way Back Home",
	publisher    = {Universitat Stuttgart, Institut fur Formale Methoden der Informatik}
}

@inproceedings{dynamic,
	author       = "Nirmesh Malviya, Samuel Madden, Arnab Bhattacharya",
	title        = "A Continuous Query System for Dynamic Route Planning",
	publisher    = {MIT CSAIL, CSE - IIT Kanpur}
}

@inproceedings{interactive,
	author       = "Yaron Kanza, Roy Levin, Eliyahu Safra, Yehoshua Sagiv",
	title        = "An Interactive Approach to Route Search",
	publisher    = {Technion, Hebrew University}
}

@inproceedings{personalSRQ,
	author       = "Jian Dai, Chengfei Liu, Jiajie Xu4, Zhiming Ding",
	title        = "On personalized and sequenced route planning",
	publisher    = {Institute of Software, Chinese Academy of Sciences, Beijing, China, University of Chinese Academy of Sciences, Beijing, China, Department of Computer Science and Software Engineering, School of Software and Electrical Engineering, Faculty of Science, Engineering and Technology, Swinburne University of Technology, Melbourne, Australia, School of Computer Science and Technology, Soochow University, Suzhou, China, School of Computer Science, Beijing University of Technology, Beijing , China}
}

@inproceedings{skyOp,
	author       = "Stephan B{\"o}rzs{\"o}nyi, Donald Kossmann, Konrad Stocker1",
	title        = "The Skyline Operator",
	publisher    = {Universit{\"a}t Passau, Technische Universit{\"a}t M{\"u}nchen}
}

@inproceedings{semanticSRQ,
	author       = "Yuya Sasaki, Yoshiharu Ishikawa, Yasuhiro Fujiwara, Makoto Onizuka",
	title        = "Sequenced Route Query with Semantic Hierarchy",
	publisher    = {Graduate School of Information Science and Technology, Osaka University, Osaka, Japan, Graduate School of Information Science, Nagoya University, Nagoya, Japan, NTT Software Innovation Center, Tokyo, Japan}
}

@inproceedings{skyline,
	author       = "Xuegang Huang and Christian S. Jensen",
	title        = "In-Route Skyline Querying for Location-Based Services",
	publisher    = {Department of Computer Science, Aalborg University, Denmark}
}

@inproceedings{tpq,
	author       = "Feifei Li, Dihan Cheng, Marios Hadjieleftheriou, George Kollios and Shang-Hua Teng",
	title        = "On Trip Planning Queries in Spatial Databases",
	publisher    = {Computer Science Department
	Boston University}
}

@inproceedings{multi,
	author       = "Haiquan Chen, Wei-Shinn Ku, Min-Te Sun, Roger Zimmermann",
	title        = "The partial sequenced route query with traveling rules in road networks",
	publisher    = {Geoinformatica (2011) 15: 541}
}

@inproceedings{optMulti,
	author       = "Jing Li, Yin Yang, Nikos Mamoulis",
	title        = "Optimal Route Queries with Arbitrary Order Constraints",
	publisher    = {IEEE Transactions on Knowledge and Data Engineering (Volume: 25, Issue: 5, May 2013)}
}

@inproceedings{voronoi,
	author       = "Mehdi Sharifzadeh, Cyrus Shahabi",
	title        = "Processing Optimal Sequenced Route Queries Using Voronoi Diagrams",
	publisher    = {C. Geoinformatica (2008) 12: 411}
}


@inproceedings{minCost,
	author       = "Yuan Tian, Ken C. K. Lee, Wang-Chien Lee",
	title        = "Monitoring Minimum Cost Paths on Road Networks",
	publisher    = {Department of Computer Science Engineering
	The Pennsylvania State University}
}

@inproceedings{spatialDB,
	author       = "Dimitris Papadias, Jun Zhang, Nikos Mamoulis, Yufei Tao",
	title        = "Query Processing in Spatial Network Databases ",
	publisher    = {Department of Computer Science, Hong Kong University of Science and Technology }
}

@misc{datasets,
	author = {Ahmadi, E. and Nascimento, M.A.},
	title = {Datasets of Roads, Public Transportation and Points-of-Interest in {A}msterdam, {B}erlin and {O}slo},
	howpublished = {In: \url{https://sites.google.com/ualberta.ca/nascimentodatasets/}},
	publisher ={Department of Computing Science
	University of Alberta},
	year = {2017} 
}



@inproceedings{evagian,
	author       = "Eva Giannatou",
	publisher	={https://github.com/evagian/California-road-network-NEO4J-CYPHER-graph-and-queries}
}




